00591cas a22002291a 4500
001 999309423502836
003 Nz
005 20160321142717.0
008 040109d19221933nz  r ne      0   0 eng d
035    $a (NLNZils)930942
035    $a (Nz)8176798
035    $a (NLNZils)930942-ilsdb
035    $a (OCoLC)173422356
040    $a WN $c WN
042    $a nznb
043    $a u-nz---
245 00 $a Northlander.
260    $a [Kaitaia, N.Z. : $b s.n., $c 1922-1933]
310    $a Weekly
362 0  $a 1922 Mar.13-1933 Jul.21
651  0 $a Northland (N.Z.) $v Newspapers.
655  7 $a New Zealand newspapers. $2 local $5 Nz
